<record xmlns="http://www.loc.gov/MARC21/slim" xmlns:xsi="http://www.w3.org/2001/XMLSchema-instance" xsi:schemaLocation="http://www.loc.gov/MARC21/slim http://www.loc.gov/standards/marcxml/schema/MARC21slim.xsd"><leader>01716nam a2200301   4500</leader><controlfield tag="001">001680967</controlfield><controlfield tag="003">NNU</controlfield><controlfield tag="006">m        d        </controlfield><controlfield tag="007">cr cn |||m|||a</controlfield><controlfield tag="008">150116s1954    ua      o     000 0 ara d</controlfield><datafield ind1=" " ind2=" " tag="040"><subfield code="a">NNU</subfield><subfield code="b">eng</subfield><subfield code="c">NNU</subfield></datafield><datafield ind1="1" ind2=" " tag="100"><subfield code="a">Azhar&#299;, Kh&#257;lid ibn &#699;Abd All&#257;h,</subfield><subfield code="d">d. 1499.</subfield></datafield><datafield ind1="1" ind2="0" tag="245"><subfield code="a">Shar&#7717; al-Ta&#7779;r&#299;&#7717; &#699;al&#225; al-Taw&#7693;&#299;&#7717;</subfield><subfield code="h">[electronic resource] :</subfield><subfield code="b">&#699;al&#225; Alf&#299;yat Ibn M&#257;lik f&#299; al-na&#7717;w li-Jam&#257;l al-D&#299;n Ab&#299; Mu&#7717;ammad ibn &#699;Abd All&#257;h ibn Y&#363;suf ibn Hish&#257;m al-An&#7779;&#257;r&#299; /</subfield><subfield code="c">lil-Shaykh Kh&#257;lid ibn &#699;Abd All&#257;h al-Azhar&#299;. Wa-bi-h&#257;mishihi &#7716;&#257;shiyah lil-&#699;all&#257;mah Y&#257;sin ibn Zayn al-D&#299;n al-&#699;Ulaym&#299; al-&#7716;im&#7779;&#299;.</subfield></datafield><datafield ind1=" " ind2=" " tag="260"><subfield code="a">al-Q&#257;hirah :</subfield><subfield code="b">Ma&#7789;ba&#699;at al-Istiq&#257;mah,</subfield><subfield code="c">1954.</subfield></datafield><datafield ind1=" " ind2=" " tag="300"><subfield code="a">online resource (2 v.)</subfield></datafield><datafield ind1=" " ind2=" " tag="500"><subfield code="a">Part of the Arabic Collections Online (ACO) project, contributed by New York Univeristy Libraries.</subfield></datafield><datafield ind1=" " ind2=" " tag="533"><subfield code="a">Electronic reproduction.</subfield><subfield code="b">New York, N.Y. :</subfield><subfield code="c">New York University,</subfield><subfield code="d">2015.</subfield><subfield code="5">NNU</subfield></datafield><datafield ind1=" " ind2="0" tag="650"><subfield code="a">Arabic language</subfield><subfield code="x">Grammar</subfield><subfield code="v">Early works to 1800.</subfield></datafield><datafield ind1="1" ind2="0" tag="600"><subfield code="a">Ibn M&#257;lik, Mu&#7717;ammad ibn &#699;Abd All&#257;h,</subfield><subfield code="d">d. 1274.</subfield><subfield code="t">Alf&#299;yah.</subfield></datafield><datafield ind1="1" ind2=" " tag="700"><subfield code="a">Ibn Hish&#257;m, &#699;Abd All&#257;h ibn Y&#363;suf,</subfield><subfield code="d">1309-1360.</subfield><subfield code="t">Aw&#7693;a&#7717; al-mas&#257;lik il&#225; Alf&#299;yat Ibn M&#257;lik.</subfield></datafield><datafield ind1="1" ind2=" " tag="700"><subfield code="a">&#699;Ulaym&#299;, Y&#257;s&#299;n ibn Zayn al-D&#299;n,</subfield><subfield code="d">d. 1650 or 51.</subfield></datafield><datafield ind1="2" ind2=" " tag="710"><subfield code="a">New York University.</subfield><subfield code="b">Libraries.</subfield></datafield><datafield ind1="0" ind2=" " tag="730"><subfield code="a">Arabic Collections Online.</subfield></datafield><datafield ind1="0" ind2="1" tag="740"><subfield code="a">Aw&#7693;a&#7717; al-mas&#257;lik il&#225; Alfiyat Ibn M&#257;lik.</subfield></datafield><datafield ind1="0" ind2="8" tag="776"><subfield code="i">Print version:</subfield><subfield code="a">Azhar&#299;, Kh&#257;lid ibn &#699;Abd All&#257;h, d. 1499.</subfield><subfield code="t">Shar&#7717; al-Ta&#7779;r&#299;&#7717; &#699;al&#225; al-Taw&#7693;&#299;&#7717;</subfield><subfield code="w">(NNU)001680967</subfield></datafield><datafield ind1="4" ind2="0" tag="856"><subfield code="u">http://hdl.handle.net/2333.1/h44j1217</subfield></datafield><datafield ind1=" " ind2=" " tag="959"><subfield code="a">NNU</subfield><subfield code="b">WEB</subfield><subfield code="c">GENI</subfield><subfield code="t">0</subfield><subfield code="m">Electronic access</subfield><subfield code="s">01</subfield></datafield><datafield ind1=" " ind2=" " tag="999"><subfield code="i">NNU_001680967</subfield><subfield code="o" /><subfield code="e">(ERROR-880)</subfield></datafield></record>